@misc{facebook,
   AUTHOR="Jason Evans",
   TITLE="Scalable memory allocation using jemalloc",
   note = "\url{https://www.facebook.com/notes/facebook-engineering/scalable-memory-allocation-using-jemalloc/480222803919}"
}

@misc{facebook2,
   AUTHOR="Ashish Thusoo et al and Facebook",
   TITLE="Data Warehousing and Analytics Infrastructure at Facebook",
   note = "\url{http://borthakur.com/ftp/sigmodwarehouse2010.pdf}"
}

@misc{GFD,
   AUTHOR="Sanjay Ghemawat and Howard Gobioff and Shun-Tak Leung",
   TITLE="The Google file system",
   note = "\url{http://static.googleusercontent.com/external_content/untrusted_dlcp/research.google.com/nl//archive/gfs-sosp2003.pdf}"
}

@misc{Dremel,
   AUTHOR="Sergey Melnik et al and Google",
   TITLE="Dremel: Interactive Analysis of Web-Scale Datasets",
   note = "\url{http://static.googleusercontent.com/external_content/untrusted_dlcp/research.google.com/nl//pubs/archive/36632.pdf}"
}

@misc{ebay,
   AUTHOR="Randy Shoup",
   TITLE="Scalability Best Practices: Lessons from eBay",
   note = "\url{http://www.infoq.com/miscs/ebay-scalability-best-practices}"
}

@misc{oracle,
   AUTHOR="Oracle",
   TITLE="Oracle Information Architecture: An Architect’s Guide to Big Data",
   note = "\url{http://www.oracle.com/technetwork/topics/entarch/miscs/oea-big-data-guide-1522052.pdf}"
}

@misc{MSDN,
   AUTHOR="Patterns and practices Developer Center",
   TITLE="Microsoft Application Architecture Guide, 2nd Edition",
   note = "\url{http://msdn.microsoft.com/en-us/library/ee658098.aspx}"
}
   
@misc{Blackboard,
   AUTHOR="Edmon Begoli and James Horey",
   TITLE="Design Principles for Effective Knowledge; Discovery from Big Data",
   note = "\url{http://blackboard.uva.nl/bbcswebdav/pid-4358526-dt-content-rid-5411006_1/courses/2318N001.5364SOAR6Y.S1.1.2013/Begali-wicsa2012.pdf}"
}
   
@misc{Yahoo,
	AUTHOR="Roi Blanco et al at Yahoo",
	TITLE="Caching Search Engine Results over Incremental Indices"
	note = "\url{http://labs.yahoo.com/files/rtcaching_0.pdf}"
}
